@article{snmp,
    author =       "Jaehak Yu and Hansung Lee and Myung-Sup Kim,and Daihee Park",
    title =        "Traffic flooding attack detection with SNMP MIB using SVM",
    journal =      "Computer Communications",
    volume =       "31",
    number =       "17",
    pages =        "4212--4219",
    year =         "2008",
    DOI =          "https://doi.org/10.1016/j.comcom.2008.09.018"
}
 
@article{Hurst,
    author =       "Ming Li",
    title =        "Change trend of averaged Hurst parameter of traffic under DDOS flood attacks",
    journal =      "Computers and Security",
    volume =       "25",
    number =       "3",
    pages =        "213--220",
    year =         "2006",
    DOI =          "https://doi.org/10.1016/j.cose.2005.11.007"
}

@article{SDN,
    author =       "Qian Yan and F. Richard Yu and Qingxiang Gong and Jianiqiang Li",
    title =       " Software-Defined Networking (SDN) and Distributed Denial of Service (DDoS) Attacks in Cloud Computing Environments: A Survey, Some Research Issues, and Challenges",
    journal =      "Communications Surveys and Tutorials",
    volume =       "18",
    number =       "1",
    pages =        "602--622",
    year =         "2016",
    DOI =          "https://doi.org/10.1109/COMST.2015.2487361"
}

@online{SynSolution,
    author    = "Livio Ricciulli and Patrick Lincoln and Panka j Kakkar",
    title     = "TCP SYN Flooding Defense",
    url       = "http://ai2-s2-pdfs.s3.amazonaws.com/51f2/6c450b44ee8c5ec15945b855e34b863328f4.pdf",
    keywords  = "SYN fooding"
}

@online{HTTPSRequestSolution,
    author    = "D Holmes",
    title = "Mitigating ddos attacks with f5 technology",
    url       = "http://nl.security.westcon.com/documents/47064/mitigating-ddos-attacks-tech-brief.pdf",
    keywords  = "Https Request fooding"
}
@online{RstSolution,
    author    = "Juho Snellman",
    title     = "The many ways of handling TCP RST packets",
    url       = "https://www.snellman.net/blog/archive/2016-02-01-tcp-rst",
    keywords  = "Rst flooding"
}
@online{AppstSolution,
    author    = "GENERAL SECURITY",
    title     = "Layer 7 DDoS attacks: detection and mitigation",
    url       = "http://resources.infosecinstitute.com/layer-7-ddos-attacks-detection-mitigation/#gref",
    keywords  = "detection DDoS attacks"
}

@online{ICMPSolution,
    author    = "CLOUDFLARE",
    title     = "Ping (ICMP) Flood DDoS Attack",
    url       = "https://www.cloudflare.com/learning/ddos/ping-icmp-flood-ddos-attack",
    keywords  = "ICMP"
}
@online{APDoSSolution,
    author    = "radware",
    title     = "A Clear and Emerging Cyber-Security Threat: APDoS",
    url       = "https://security.radware.com/ddos-knowledge-center/ddos-attack-types/apdos-emerging-cyber-threat",
    keywords  = "APDoS"
}
@online{corero,
    author    = "Stephanie Weagle",
    title     = "New Report Points to Alarming DDoS Attack Statistics and Projections",
    url       = "https://www.corero.com/blog/736-new-report-points-to-alarming-ddos-attack-statistics-and-projections.html",
    keywords  = "corero"
}
 
@online{QuickGuide,
    author    = "US-CERT",
    title     = "DDoS Quick Guide",
    url       = "https://www.us-cert.gov/sites/default/files/publications/DDoS%20Quick%20Guide.pdf",
    keywords  = "corero"
}
 


@online{cisco,
    author    = "Cisco System",
    title     = "Defeating DDos attacks",
    url       = "https://www.cisco.com/c/en/us/products/collateral/security/traffic-anomaly-detector-xt-5600a/prod_white_paper0900aecd8011e927.pdf",
    keywords  = "cisco,DDos"
}


 
@online{checkpoint,
    author    = "Cheack Point",
    title     = "DDoS protector appliance",
    url       = "https://www.checkpoint.com/downloads/product-related/datasheets/ds-ddos-protector-appliances.pdf",
    keywords  = "check point,DDos"
}
